@online{useinternet,
	title = {Вся статистика интернета на 2020 год — цифры и тренды в мире и в России},
	url = {https://www.web-canape.ru/business/internet-2020-globalnaya-statistika-i-trendy/},
	urldate = {25.04.2020},
	language =     "russian"
	}
	
@online{corporatemessengers,
	title = {Корпоративные мессенджеры: 20 вариантов для командной работы},
	url = {https://mentamore.com/biznes/korporativnye-messendzhery.html},
	urldate = {25.04.2020},
	language =     "russian"
	}	

@online{comandmessenger,
	title = {Подборка командных мессенджеров},
	url = {https://vc.ru/services/54447-podborka-komandnyh-messendzherov-2018-godl},
	urldate = {25.04.2020},
	language =     "russian"
	}	

@online{slack,
	title = {Slack},
	url = {https://slack.com/},
	urldate = {25.04.2020},
	language =     "russian"
	}	
	
@online{twist,
	title = {Twist},
	url = {https://twist.com/ru/home/},
	urldate = {25.04.2020},
	language =     "russian"
	}	

@online{discord,
	title = {Discord},
	url = {https://discord.com/},
	urldate = {25.04.2020},
	language =     "russian"
	}			
	
@online{micteams,
	title = {Microsoft Teams},
	url = {https://www.microsoft.com/ru-ru/microsoft-365/microsoft-teams/free},
	urldate = {25.04.2020},
	language =     "russian"
	}	

@online{rocket,
	title = {Rocket.Chat},
	url = {https://rocket.chat},
	urldate = {25.04.2020},
	language =     "russian"
	}	
		
@online{nosql,
	title = {Understanding SQL and NoSQL Databases and Different Database Models},
	url = {https://www.digitalocean.com/community/tutorials/understanding-sql-and-nosql-databases-and-different-database-models},
	urldate = {25.04.2020},
	language =     "russian"
	}	
	
@online{csharp,
	title = {Документация по C$\#$},
	url = {https://docs.microsoft.com/ru-ru/dotnet/csharp/},
	urldate = {10.05.2020},
	language =     "russian"
	}	
	
@online{aspnet,
	title = {ASP.NET Core},
	url = {https://metanit.com/sharp/aspnet5/1.1.php},
	urldate = {10.05.2020},
	language =     "russian"
	}	
	
@online{ef,
	title = {Entity Framework Core},
	url = {https://metanit.com/sharp/entityframeworkcore/1.1.php},
	urldate = {10.05.2020},
	language =     "russian"
	}

@online{solid,
	title = {SOLID},
	url = {https://www.geeksforgeeks.org/solid-principle-in-programming-understand-with-real-life-examples/},
	urldate = {10.05.2020},
	language =     "russian"
	}

@online{rest,
	title = {REST},
	url = {https://www.restapitutorial.com/},
	urldate = {10.05.2020},
	language =     "russian"
	}
	
		
	